<?xml version="1.0" encoding="UTF-8"?><collection xmlns="http://www.loc.gov/MARC21/slim"><record><leader>00419nam--2200133-i-4500</leader><controlfield tag="001">000009824</controlfield><controlfield tag="002">20161230</controlfield><controlfield tag="005">20161230201028</controlfield><controlfield tag="008">060222s1000------------r-----000-0-eng-d</controlfield><datafield ind1=" " ind2=" " tag="100"><subfield code="a">Brown, D. J</subfield></datafield><datafield ind1=" " ind2=" " tag="245"><subfield code="a">The pyrimidines. supplement i. with a chapter by r.f.evans and an essay by t.j.batterham</subfield></datafield><datafield ind1=" " ind2=" " tag="260"><subfield code="a">New York, Wiley-interscience, 1970</subfield></datafield><datafield ind1=" " ind2=" " tag="490"><subfield code="a">The Chemistry Of Heterocyclic Compounds Suppl</subfield></datafield><datafield ind1=" " ind2=" " tag="852"><subfield code="a">547.7/8</subfield></datafield></record></collection>